<?xml version="1.0" encoding="UTF-8"?><record xmlns="http://www.loc.gov/MARC21/slim" xmlns:cinclude="http://apache.org/cocoon/include/1.0" xmlns:zs="http://www.loc.gov/zing/srw/">
  <leader>00401nz  a2200121n  4500</leader>
  <controlfield tag="001">nr2006000838</controlfield>
  <controlfield tag="003">DLC</controlfield>
  <controlfield tag="005">20060114033111.0</controlfield>
  <controlfield tag="008">060112n| acannaabn          |n aaa     c</controlfield>
  <datafield tag="010" ind1=" " ind2=" ">
    <subfield code="a">nr2006000838</subfield>
  </datafield>
  <datafield tag="040" ind1=" " ind2=" ">
    <subfield code="a">CU-SB</subfield>
    <subfield code="b">eng</subfield>
    <subfield code="c">CU-SB</subfield>
  </datafield>
  <datafield tag="100" ind1="1" ind2=" ">
    <subfield code="a">Jarno, Trudy</subfield>
  </datafield>
  <datafield tag="670" ind1=" " ind2=" ">
    <subfield code="a">The new millennium, c1992:</subfield>
    <subfield code="b">t.p. (Trudy Jarno) p. 4 of cover (Reverend Trudy Jarno, founder minister of The Church of Inner Light, Los Angeles)</subfield>
  </datafield>
</record>